@book{atkinson1991introduction,
  title={An introduction to numerical analysis},
  author={Atkinson, Kendall},
  year={1991},
  publisher={John wiley \& sons}
}